<record><leader>00000cas a22000007a 4500</leader><controlfield tag="001">80170482</controlfield><controlfield tag="008">070126d19261934vaumn ne      0    0eng d</controlfield><datafield ind1=" " ind2=" " tag="010"><subfield code="a">sn2007060572</subfield></datafield><datafield ind1=" " ind2=" " tag="040"><subfield code="a">NVK</subfield><subfield code="b">eng</subfield><subfield code="c">NVK</subfield><subfield code="d">OCLCF</subfield><subfield code="d">OCLCO</subfield></datafield><datafield ind1="1" ind2=" " tag="029"><subfield code="a">AU@</subfield><subfield code="b">000041225433</subfield></datafield><datafield ind1=" " ind2=" " tag="042"><subfield code="a">msc</subfield></datafield><datafield ind1=" " ind2=" " tag="043"><subfield code="a">n-us-va</subfield></datafield><datafield ind1="0" ind2="4" tag="245"><subfield code="a">The Dickenson county school forum.</subfield></datafield><datafield ind1=" " ind2=" " tag="260"><subfield code="a">Clintwood, Va. :</subfield><subfield code="b">Dickenson County Education Association,</subfield><subfield code="c">1926-</subfield></datafield><datafield ind1=" " ind2=" " tag="310"><subfield code="a">Monthly (Sept. to May)</subfield></datafield><datafield ind1="0" ind2=" " tag="362"><subfield code="a">Vol. 3, no. 1 (Sept. 1926)-</subfield></datafield><datafield ind1="1" ind2=" " tag="362"><subfield code="a">Ceased in 1934.</subfield></datafield><datafield ind1=" " ind2=" " tag="500"><subfield code="a">"The only paper published in Dickenson County."</subfield></datafield><datafield ind1=" " ind2="0" tag="651"><subfield code="a">Dickenson County (Va.)</subfield><subfield code="v">Newspapers.</subfield></datafield><datafield ind1=" " ind2="0" tag="651"><subfield code="a">Clintwood (Va.)</subfield><subfield code="v">Newspapers.</subfield></datafield><datafield ind1=" " ind2="7" tag="655"><subfield code="a">Newspapers.</subfield><subfield code="2">fast</subfield><subfield code="0">(OCoLC)fst01423814</subfield></datafield><datafield ind1=" " ind2="7" tag="651"><subfield code="a">Virginia</subfield><subfield code="z">Clintwood.</subfield><subfield code="2">fast</subfield><subfield code="0">(OCoLC)fst01293948</subfield></datafield><datafield ind1=" " ind2="7" tag="651"><subfield code="a">Virginia</subfield><subfield code="z">Dickenson County.</subfield><subfield code="2">fast</subfield><subfield code="0">(OCoLC)fst01225804</subfield></datafield><datafield ind1=" " ind2=" " tag="752"><subfield code="a">United States</subfield><subfield code="b">Virginia</subfield><subfield code="c">Dickenson</subfield><subfield code="d">Clintwood.</subfield></datafield><datafield ind1="0" ind2="0" tag="780"><subfield code="t">School forum (Clintwood, Va.)</subfield><subfield code="w">(DLC)sn2007060511</subfield></datafield><datafield ind1="0" ind2="0" tag="785"><subfield code="t">Dickenson forum</subfield><subfield code="w">(DLC)sn 95079156</subfield></datafield><datafield ind1=" " ind2=" " tag="936"><subfield code="a">Vol. 7, no. 1 (Jul. 1934) LIC</subfield></datafield></record>